<record><leader>00000cas a22000007a 4500</leader><controlfield tag="001">17737744</controlfield><controlfield tag="008">880405c19569999ohuwr ne      0    0eng d</controlfield><datafield ind1=" " ind2=" " tag="010"><subfield code="a">sn 88077310 </subfield></datafield><datafield ind1=" " ind2=" " tag="040"><subfield code="a">ONP</subfield><subfield code="b">eng</subfield><subfield code="c">ONP</subfield><subfield code="d">OCLCQ</subfield><subfield code="d">CUS</subfield><subfield code="d">OCLCQ</subfield><subfield code="d">OCLCO</subfield><subfield code="d">OCLCF</subfield></datafield><datafield ind1="1" ind2=" " tag="029"><subfield code="a">AU@</subfield><subfield code="b">000020493325</subfield></datafield><datafield ind1=" " ind2=" " tag="042"><subfield code="a">msc</subfield></datafield><datafield ind1=" " ind2=" " tag="043"><subfield code="a">n-us-oh</subfield></datafield><datafield ind1="0" ind2="0" tag="245"><subfield code="a">Fairfield echo.</subfield></datafield><datafield ind1="3" ind2="0" tag="246"><subfield code="a">Fairfield-Hamilton echo</subfield></datafield><datafield ind1="3" ind2="0" tag="246"><subfield code="a">Echo</subfield></datafield><datafield ind1=" " ind2=" " tag="260"><subfield code="a">Fairfield, Ohio :</subfield><subfield code="b">Fairfield Echo Pub. Co.</subfield></datafield><datafield ind1=" " ind2=" " tag="300"><subfield code="a">v.</subfield></datafield><datafield ind1=" " ind2=" " tag="310"><subfield code="a">Weekly</subfield></datafield><datafield ind1="1" ind2=" " tag="362"><subfield code="a">Began with Sept. 7, 1956 issue.</subfield></datafield><datafield ind1=" " ind2=" " tag="500"><subfield code="a">Published as: Fairfield-Hamilton echo, Jan. 2-June 5, 1959.</subfield></datafield><datafield ind1=" " ind2=" " tag="500"><subfield code="a">Published as: Echo, June 29, 1977-June 21, 1978.</subfield></datafield><datafield ind1=" " ind2=" " tag="588"><subfield code="a">Description based on: Vol. 1, no. 17 (Jan. 4, 1957).</subfield></datafield><datafield ind1=" " ind2="0" tag="651"><subfield code="a">Hamilton (Ohio)</subfield><subfield code="v">Newspapers.</subfield></datafield><datafield ind1=" " ind2="0" tag="651"><subfield code="a">Butler County (Ohio)</subfield><subfield code="v">Newspapers.</subfield></datafield><datafield ind1=" " ind2="4" tag="651"><subfield code="a">Fairfield (Ohio)</subfield><subfield code="v">Newspapers.</subfield></datafield><datafield ind1=" " ind2="7" tag="655"><subfield code="a">Newspapers.</subfield><subfield code="2">fast</subfield><subfield code="0">(OCoLC)fst01423814</subfield></datafield><datafield ind1=" " ind2="7" tag="651"><subfield code="a">Ohio</subfield><subfield code="z">Butler County.</subfield><subfield code="2">fast</subfield><subfield code="0">(OCoLC)fst01207486</subfield></datafield><datafield ind1=" " ind2="7" tag="651"><subfield code="a">Ohio</subfield><subfield code="z">Hamilton.</subfield><subfield code="2">fast</subfield><subfield code="0">(OCoLC)fst01202779</subfield></datafield><datafield ind1=" " ind2=" " tag="752"><subfield code="a">United States</subfield><subfield code="b">Ohio</subfield><subfield code="c">Butler</subfield><subfield code="d">Fairfield.</subfield></datafield><datafield ind1="0" ind2=" " tag="775"><subfield code="t">Cincinnati north echo</subfield><subfield code="w">(DLC)sn 91069996</subfield></datafield><datafield ind1="0" ind2=" " tag="775"><subfield code="t">Mt. Healthy echo</subfield><subfield code="w">(DLC)sn 91069997</subfield></datafield><datafield ind1="0" ind2=" " tag="775"><subfield code="t">Sunday echo</subfield></datafield><datafield ind1="0" ind2="8" tag="776"><subfield code="i">Online version:</subfield><subfield code="t">Fairfield echo (Online)</subfield><subfield code="w">(DLC)sn 88077310</subfield><subfield code="w">(OCoLC)233143898</subfield></datafield></record>